<record xmlns="http://www.loc.gov/MARC21/slim">
   <leader>03574cam a2200469 i 4500</leader>
   <controlfield tag="001">6810958</controlfield>
   <controlfield tag="003">OCoLC</controlfield>
   <controlfield tag="005">20150528142259.0</controlfield>
   <controlfield tag="008">150302t20152015nyu      b    000 0 eng  </controlfield>
   <datafield ind1=" " ind2=" " tag="010">
      <subfield code="a">  2015006047</subfield>
   </datafield>
   <datafield ind1=" " ind2=" " tag="020">
      <subfield code="a">9781250067609</subfield>
      <subfield code="q">hardcover</subfield>
   </datafield>
   <datafield ind1=" " ind2=" " tag="020">
      <subfield code="a">125006760X</subfield>
      <subfield code="q">hardcover</subfield>
   </datafield>
   <datafield ind1=" " ind2=" " tag="020">
      <subfield code="z">9781466876057</subfield>
      <subfield code="q">electronic book</subfield>
   </datafield>
   <datafield ind1=" " ind2=" " tag="035">
      <subfield code="a">ocn904400081</subfield>
   </datafield>
   <datafield ind1=" " ind2=" " tag="039">
      <subfield code="a">exclude</subfield>
   </datafield>
   <datafield ind1=" " ind2=" " tag="040">
      <subfield code="a">DLC</subfield>
      <subfield code="e">rda</subfield>
      <subfield code="b">eng</subfield>
      <subfield code="c">DLC</subfield>
      <subfield code="d">YDX</subfield>
      <subfield code="d">IH7</subfield>
      <subfield code="d">CO2</subfield>
      <subfield code="d">YDXCP</subfield>
      <subfield code="d">AEU</subfield>
   </datafield>
   <datafield ind1=" " ind2=" " tag="042">
      <subfield code="a">pcc</subfield>
   </datafield>
   <datafield ind1=" " ind2=" " tag="043">
      <subfield code="a">n-us---</subfield>
   </datafield>
   <datafield ind1="0" ind2="0" tag="050">
      <subfield code="a">JK468.S4</subfield>
      <subfield code="b">A67 2015</subfield>
   </datafield>
   <datafield ind1="0" ind2="0" tag="082">
      <subfield code="a">363.25/2</subfield>
      <subfield code="2">23</subfield>
   </datafield>
   <datafield ind1=" " ind2=" " tag="084">
      <subfield code="a">LAW116000</subfield>
      <subfield code="a">POL012000</subfield>
      <subfield code="a">POL040000</subfield>
      <subfield code="2">bisacsh</subfield>
   </datafield>
   <datafield ind1=" " ind2=" " tag="090">
      <subfield code="a">JK468 .S4 A67 2015</subfield>
      <subfield code="b">AEGMCT</subfield>
   </datafield>
   <datafield ind1="0" ind2="0" tag="245">
      <subfield code="a">After Snowden :</subfield>
      <subfield code="b">privacy, secrecy, and security in the information age /</subfield>
      <subfield code="c">Ronald Goldfarb, editor.</subfield>
   </datafield>
   <datafield ind1=" " ind2=" " tag="250">
      <subfield code="a">First edition.</subfield>
   </datafield>
   <datafield ind1=" " ind2="1" tag="264">
      <subfield code="a">New York, N.Y. :</subfield>
      <subfield code="b">Thomas Dunne Books, an imprint of St. Martin's Press,</subfield>
      <subfield code="c">2015.</subfield>
   </datafield>
   <datafield ind1=" " ind2="4" tag="264">
      <subfield code="c">©2015</subfield>
   </datafield>
   <datafield ind1=" " ind2=" " tag="300">
      <subfield code="a">311 pages ;</subfield>
      <subfield code="c">22 cm</subfield>
   </datafield>
   <datafield ind1=" " ind2=" " tag="336">
      <subfield code="a">text</subfield>
      <subfield code="b">txt</subfield>
      <subfield code="2">rdacontent</subfield>
   </datafield>
   <datafield ind1=" " ind2=" " tag="337">
      <subfield code="a">unmediated</subfield>
      <subfield code="b">n</subfield>
      <subfield code="2">rdamedia</subfield>
   </datafield>
   <datafield ind1=" " ind2=" " tag="338">
      <subfield code="a">volume</subfield>
      <subfield code="b">nc</subfield>
      <subfield code="2">rdacarrier</subfield>
   </datafield>
   <datafield ind1=" " ind2=" " tag="504">
      <subfield code="a">Includes bibliographic references.</subfield>
   </datafield>
   <datafield ind1="0" ind2=" " tag="505">
      <subfield code="a">The press / Hodding Carter III -- Protecting news in the era of disruptive sources / Edward Wasserman -- What should we do about the leakers? / David Cole -- Judging state secrets: who decides--and how? / Barry Siegel -- The future of privacy in the surveillance age / Jon L. Mills -- Secrecy, surveillance, and the Snowden effect / Thomas Blanton -- Epilogue / Ronald Goldfarb.</subfield>
   </datafield>
   <datafield ind1=" " ind2=" " tag="520">
      <subfield code="a">"Was Edward Snowden a patriot or a traitor? Just how far do American privacy rights extend? And how far is too far when it comes to secrecy in the name of security? These are just a few of the questions that have dominated American consciousness since Edward Snowden exposed the breath of the NSA's domestic surveillance program. In these seven previously unpublished essays, a group of prominent legal and political experts delve in to life After Snowden, examining the ramifications of the infamous leak from multiple angles: - Director of the National Security Archive THOMAS BLANTON looks at the impact of the Snowden leaks on the classification of government documents. - Former Assistant Secretary of State HODDING CARTER explores whether the press is justified in unearthing and publishing classified information. - Georgetown Law Professor DAVID COLE addresses the motives and complicated legacy of Snowden and other leakers. - Former federal prosecutor RONALD GOLDFARB outlines the many debates sparked by the Snowden leaks. - Dean Emeritus at the University of Florida Law School JON MILLS addresses the constitutional right to privacy and the difficulty applying to the digital age. - Pulitzer Prize winning journalist BARRY SIEGEL analyses the role of the state secrets provision in the judicial system. - Dean of the UC Berkley School of Journalism EDWARD WASSERMAN discusses the uneven relationship between journalists and whistleblowers"--</subfield>
      <subfield code="c">Provided by publisher.</subfield>
   </datafield>
   <datafield ind1=" " ind2=" " tag="596">
      <subfield code="a">29</subfield>
   </datafield>
   <datafield ind1="1" ind2="0" tag="600">
      <subfield code="a">Snowden, Edward J.,</subfield>
      <subfield code="d">1983-</subfield>
   </datafield>
   <datafield ind1=" " ind2="0" tag="650">
      <subfield code="a">Official secrets</subfield>
      <subfield code="z">United States.</subfield>
   </datafield>
   <datafield ind1=" " ind2="0" tag="650">
      <subfield code="a">Government information</subfield>
      <subfield code="z">United States.</subfield>
   </datafield>
   <datafield ind1=" " ind2="0" tag="650">
      <subfield code="a">Electronic surveillance</subfield>
      <subfield code="z">United States.</subfield>
   </datafield>
   <datafield ind1="1" ind2=" " tag="700">
      <subfield code="a">Goldfarb, Ronald L.,</subfield>
      <subfield code="e">editor.</subfield>
   </datafield>
   <datafield ind1="4" ind2="2" tag="856">
      <subfield code="3">Cover image</subfield>
      <subfield code="u">http://www.netread.com/jcusers2/bk1388/609/9781250067609/image/lgcover.9781250067609.jpg</subfield>
   </datafield>
   <datafield ind1=" " ind2=" " tag="949">
      <subfield code="a">JK468 .S4 A67 2015</subfield>
      <subfield code="h">GMCT-OS-B</subfield>
      <subfield code="i">1007770736</subfield>
      <subfield code="p">31.33</subfield>
      <subfield code="k">AVAIL_SOON</subfield>
   </datafield>
   <datafield ind1=" " ind2=" " tag="926">
      <subfield code="a">JK468 .S4 A67 2015</subfield>
      <subfield code="w">LC</subfield>
      <subfield code="c">1</subfield>
      <subfield code="i">1007770736</subfield>
      <subfield code="d">1/6/2016</subfield>
      <subfield code="e">12/8/2015</subfield>
      <subfield code="l">ON_SHELF</subfield>
      <subfield code="m">GR_MACEWAN</subfield>
      <subfield code="n">6</subfield>
      <subfield code="p">$31.33</subfield>
      <subfield code="r">Y</subfield>
      <subfield code="s">Y</subfield>
      <subfield code="t">BOOK</subfield>
      <subfield code="u">6/2/2015</subfield>
   </datafield>
</record>
